<?xml version="1.0" encoding="utf-8"?>
<record xmlns="http://www.loc.gov/MARC21/slim" xmlns:xsi="http://www.w3.org/2001/XMLSchema-instance" xsi:schemaLocation="http://www.loc.gov/MARC21/slim http://www.loc.gov/standards/marcxml/schema/MARC21slim.xsd">
	<leader>     nam a22     Mi 4500</leader>
	<controlfield tag="001">b1242884x</controlfield>
	<controlfield tag="003">LeBAU</controlfield>
	<controlfield tag="006">m        d        </controlfield>
	<controlfield tag="007">cr cn |||m|||a</controlfield>
	<controlfield tag="008">200626s1941    mr ac   o       0   ara d</controlfield>
	<datafield ind1=" " ind2=" " tag="040">
		<subfield code="a">ZYU</subfield>
		<subfield code="b">ara</subfield>
		<subfield code="e">rda</subfield>
		<subfield code="c">ZYU</subfield>
	</datafield>
	<datafield ind1="0" ind2="4" tag="082">
		<subfield code="a">349.297</subfield>
		<subfield code="2">20</subfield>
	</datafield>
	<datafield ind1="1" ind2=" " tag="100">
		<subfield code="6">880-01</subfield>
		<subfield code="a">Muḥammad ibn ʻAbd Allāh,</subfield>
		<subfield code="c">Sultan of Morocco,</subfield>
		<subfield code="d">-1790.</subfield>
		<subfield code="e">author.</subfield>
		<subfield code="0">https://lccn.loc.gov/n79058353 ,</subfield>
	</datafield>
	<datafield ind1="1" ind2="0" tag="245">
		<subfield code="6">880-02</subfield>
		<subfield code="a">Kitāb Masānid al-aʼimmah /</subfield>
		<subfield code="c">li-Amīr al-Muʼminīn Muḥammad ibn ʻAbd Allāh al-ʻAlawī, Sulṭān al-Maghrib, 1171-1204 H., 1757-1790 M. ; ḥaqqaqahu muʻtamidan ʻalá makhṭūṭat Tiṭwān al-aṣlīyah wa-ḍabaṭahu wa-qaddama la-hu wa-ʻallaqa ḥawāshīh wa-waḍaʻa la-hu al-fahāris wa-al-tarājim al-Ustādh Alfrīd al-Bustānī.</subfield>
	</datafield>
	<datafield ind1="3" ind2="0" tag="246">
		<subfield code="6">880-03</subfield>
		<subfield code="a">Masānid al-aʼimmah</subfield>
	</datafield>
	<datafield ind1="3" ind2=" " tag="246">
		<subfield code="6">880-04</subfield>
		<subfield code="i">Title on page [4] of cover:</subfield>
		<subfield code="a">Tradiciones auténticas de los grandes doctores del Islam</subfield>
	</datafield>
	<datafield ind1=" " ind2="1" tag="264">
		<subfield code="6">880-05</subfield>
		<subfield code="a">al-ʻArāʼish, al-Maghrib :</subfield>
		<subfield code="b">Maṭbaʻhat al-Funūn al-Muṣawwarah, Būskā,</subfield>
		<subfield code="c">1941.</subfield>
	</datafield>
	<datafield ind1=" " ind2=" " tag="300">
		<subfield code="6">880-06</subfield>
		<subfield code="a">online resource (111 pages, 2 unnumbered leaves of plates) :</subfield>
		<subfield code="b">illustrations, frontispiece, genealogical table</subfield>
	</datafield>
	<datafield ind1=" " ind2=" " tag="336">
		<subfield code="a">text</subfield>
		<subfield code="2">rdacontent</subfield>
	</datafield>
	<datafield ind1=" " ind2=" " tag="337">
		<subfield code="a">computer</subfield>
		<subfield code="2">rdamedia</subfield>
	</datafield>
	<datafield ind1=" " ind2=" " tag="338">
		<subfield code="a">online resource</subfield>
		<subfield code="2">rdacarrier</subfield>
	</datafield>
	<datafield ind1="1" ind2=" " tag="490">
		<subfield code="6">880-07</subfield>
		<subfield code="a">Manshūrāt Muʼassasat al-Jinirāl Frankū lil-Abḥāth al-ʻArabīyah al-Isbānīyah ;</subfield>
		<subfield code="v">Silsilah al-ūlá, raqm 3</subfield>
	</datafield>
	<datafield ind1=" " ind2=" " tag="500">
		<subfield code="a">Part of the Arabic Collections Online (ACO) project, contributed by American University of Beirut's Jafet Memorial Library.</subfield>
	</datafield>
	<datafield ind1=" " ind2=" " tag="533">
		<subfield code="a">Electronic reproduction.</subfield>
		<subfield code="b">New York, N.Y. :</subfield>
		<subfield code="c">New York University,</subfield>
		<subfield code="d">2020.</subfield>
		<subfield code="5">NNU</subfield>
	</datafield>
	<datafield ind1=" " ind2="0" tag="650">
		<subfield code="6">880-08</subfield>
		<subfield code="a">Islamic law.</subfield>
	</datafield>
	<datafield ind1=" " ind2="0" tag="650">
		<subfield code="6">880-09</subfield>
		<subfield code="a">Islam</subfield>
		<subfield code="x">Customs and practices.</subfield>
	</datafield>
	<datafield ind1=" " ind2="0" tag="650">
		<subfield code="6">880-10</subfield>
		<subfield code="a">Ulama</subfield>
		<subfield code="v">Biography.</subfield>
	</datafield>
	<datafield ind1=" " ind2="0" tag="650">
		<subfield code="6">880-11</subfield>
		<subfield code="a">Islamic law.</subfield>
	</datafield>
	<datafield ind1="1" ind2=" " tag="700">
		<subfield code="6">880-12</subfield>
		<subfield code="a">Bustani, Alfredo.</subfield>
		<subfield code="e">compiler.</subfield>
		<subfield code="0">https://lccn.loc.gov/n84099127 ,</subfield>
	</datafield>
	<datafield ind1="2" ind2=" " tag="710">
		<subfield code="a">Jafet Memorial Library.</subfield>
	</datafield>
	<datafield ind1="0" ind2=" " tag="730">
		<subfield code="a">Arabic Collections Online.</subfield>
	</datafield>
	<datafield ind1="0" ind2="8" tag="776">
		<subfield code="i">Print version:</subfield>
		<subfield code="a">Muḥammad ibn ʻAbd Allāh, Sultan of Morocco, -1790. author. https://lccn.loc.gov/n79058353 ,</subfield>
		<subfield code="t">Kitāb Masānid al-aʼimmah</subfield>
		<subfield code="w">(LeBAU)b1242884x</subfield>
	</datafield>
	<datafield ind1=" " ind2="0" tag="830">
		<subfield code="6">880-13</subfield>
		<subfield code="a">Publicaciones del Instituto General Franco para la Investigación Hispano-Arabe.</subfield>
		<subfield code="v">Silsilah al-ūlá, raqm 3.</subfield>
	</datafield>
	<datafield ind1="4" ind2="0" tag="856">
		<subfield code="u">http://hdl.handle.net/2333.1/b8gtj43z</subfield>
	</datafield>
	<datafield ind1="1" ind2=" " tag="880">
		<subfield code="6">100-01</subfield>
		<subfield code="a">محمد بن عبد الله،</subfield>
		<subfield code="c">سلطان المغرب،</subfield>
		<subfield code="d">-1790،</subfield>
		<subfield code="0">https://lccn.loc.gov/n79058353 ,</subfield>
		<subfield code="e">مؤلف.</subfield>
		<subfield code="4">aut.</subfield>
	</datafield>
	<datafield ind1="1" ind2="0" tag="880">
		<subfield code="6">245-02</subfield>
		<subfield code="a">كتاب مساند الأئمة /</subfield>
		<subfield code="c">لأمير المؤمنين مولاي محمد بن عبد الله العلوي، سلطان المغرب، 1171-1204 هـ.، 1757-1790 م. ؛ حققه معتمدا على مخطوطة تطوان الأصلية وضبطه وقدم له وعلق حواشيه ووضع له الفهارس والتراجم الأستاذ ألفريد البستاني.</subfield>
	</datafield>
	<datafield ind1="3" ind2="0" tag="880">
		<subfield code="6">246-03</subfield>
		<subfield code="a">مساند الأئمة</subfield>
	</datafield>
	<datafield ind1="3" ind2=" " tag="880">
		<subfield code="6">246-04</subfield>
		<subfield code="i">العنوان على صفحة [4] من الغلاف:</subfield>
		<subfield code="a">Tradiciones auténticas de los grandes doctores del Islam</subfield>
	</datafield>
	<datafield ind1=" " ind2="1" tag="880">
		<subfield code="6">264-05</subfield>
		<subfield code="a">العرائش، المغرب :</subfield>
		<subfield code="b">مطبعة الفنون المصورة، بوسكا،</subfield>
		<subfield code="c">1941.</subfield>
	</datafield>
	<datafield ind1=" " ind2=" " tag="880">
		<subfield code="6">300-06</subfield>
		<subfield code="a">111 صفحة، 2 ورقة لوحات غير مرقمة :</subfield>
		<subfield code="b">مصورات، شجرة انساب، صورة شخصانية في الواجهة ؛</subfield>
		<subfield code="c">27 سم.</subfield>
	</datafield>
	<datafield ind1="1" ind2=" " tag="880">
		<subfield code="6">490-07</subfield>
		<subfield code="a">منشورات مؤسسة الجنرال فرنكو للأبحاث العربية-الإسبانية ؛</subfield>
		<subfield code="v">السلسلة الأولى، رقم 3</subfield>
	</datafield>
	<datafield ind1=" " ind2="4" tag="880">
		<subfield code="6">650-08</subfield>
		<subfield code="a">الفقه الاسلامي.</subfield>
	</datafield>
	<datafield ind1=" " ind2="4" tag="880">
		<subfield code="6">650-09</subfield>
		<subfield code="a">الاسلام</subfield>
		<subfield code="x">العادات والممارسات.</subfield>
	</datafield>
	<datafield ind1=" " ind2="4" tag="880">
		<subfield code="6">650-10</subfield>
		<subfield code="a">الفقهاء</subfield>
		<subfield code="v">تراجم.</subfield>
	</datafield>
	<datafield ind1=" " ind2="4" tag="880">
		<subfield code="6">650-11</subfield>
		<subfield code="a">العلماء</subfield>
		<subfield code="v">تراجم.</subfield>
	</datafield>
	<datafield ind1="1" ind2=" " tag="880">
		<subfield code="6">700-12</subfield>
		<subfield code="a">البستاني، ألفريد،</subfield>
		<subfield code="0">https://lccn.loc.gov/n84099127 ,</subfield>
		<subfield code="e">معد.</subfield>
		<subfield code="4">com.</subfield>
	</datafield>
	<datafield ind1=" " ind2="0" tag="880">
		<subfield code="6">830-13</subfield>
		<subfield code="a">منشورات مؤسسة الجنرال فرنكو للأبحاث العربية - الإسبانية ؛</subfield>
		<subfield code="v">السلسلة الأولى، رقم 3.</subfield>
	</datafield>
	<datafield ind1=" " ind2=" " tag="959">
		<subfield code="a">NNU</subfield>
		<subfield code="b">WEB</subfield>
		<subfield code="c">GENI</subfield>
		<subfield code="t">0</subfield>
		<subfield code="m">Electronic access</subfield>
		<subfield code="s">01</subfield>
	</datafield>
	<datafield ind1=" " ind2=" " tag="999">
		<subfield code="i">LeBAU_b1242884x</subfield>
		<subfield code="s">aub_aco003822:</subfield>
		<subfield code="e">(ERROR-MISC)</subfield>
		<subfield code="s">aub_aco003822:</subfield>
	</datafield>
</record>
